@article{carpenter2017stan,
  title={Stan: A probabilistic programming language},
  author={Carpenter, Bob and Gelman, Andrew and Hoffman, Matthew D and Lee, Daniel and Goodrich, Ben and Betancourt, Michael and Brubaker, Marcus and Guo, Jiqiang and Li, Peter and Riddell, Allen},
  journal={Journal of statistical software},
  volume={76},
  number={1},
  year={2017},
  publisher={Columbia Univ., New York, NY; Harvard Univ., Cambridge, MA},
  doi={10.18637/jss.v076.i01}
}
@article{bfa2020,
  title={Census-based gridded population estimates for Burkina Faso (2019), version 1.0},
  author={{WorldPop} and {Institut National de la Statistique et de la Démographie du Burkina Faso}},
  year={2020},
  publisher={University of Southampton}
}
@article{genuer2010variable,
  title={Variable selection using random forests},
  author={Genuer, Robin and Poggi, Jean-Michel and Tuleau-Malot, Christine},
  journal={Pattern recognition letters},
  volume={31},
  number={14},
  pages={2225--2236},
  year={2010},
  publisher={Elsevier}
}
@article{denwood2016runjags,
  title={runjags: An R package providing interface utilities, model templates, parallel computing methods and additional distributions for MCMC models in JAGS},
  author={Denwood, Matthew J and others},
  journal={Journal of Statistical Software},
  volume={71},
  number={9},
  pages={1--25},
  year={2016},
  publisher={Foundation for Open Access Statistics},
  doi={10.18637/jss.v071.i09}
}

@article{network_grid3_2020,
	title = {{GRID3} {Burkina} {Faso} {Settlement} {Extents} {Version} 01, {Alpha}},
	url = {https://doi.org/10.7916/d8-h47k-8637},
	doi = {10.7916/d8-h47k-8637},
	abstract = {The database constitutes a comprehensive set of settlement polygons nationwide. It is in geodatabase format and consists of three feature classes for built up areas (BUA), small settlement areas (SSA), and hamlets (hamlets).

This work has been undertaken as part of the Geo-referenced Infrastructure and Demographic Data for Development (GRID3) initiative in Burkina Faso.

GRID3 works with countries to generate, validate and use geospatial data on population, settlements, infrastructure, and subnational boundaries. For more information, see https://grid3.org/

Keywords: built up areas, BUA, small settlement areas, SSA, hamlets, settlement aggregation, settlement extent, CIESIN, GRID3, Novel-T},
	language = {en},
	urldate = {2020-09-28},
	author = {{Center for International Earth Science Information Network} and Novel-T},
	year = {2020},
	file = {Snapshot:C\:\\Users\\XPS\\Zotero\\storage\\TSS5YUED\\d8-h47k-8637.html:text/html}
}
@misc{insd2019recensement,
  title={Recensement g{\'e}n{\'e}ral de la population et de l’habitation de 2019 du Burkina Faso - R{\'e}sultats provisoires},
  author={{Institut National de la Statistique et de la D{\'e}mographie}},
  year={2019},
  publisher={INSD Ouagadougou, Burkina Faso}
}
@Manual{foot,
    title = {foot: A package for processing building footprints},
    author = {{WorldPop Research Group, University of Southampton}},
    year = {2020},
    note = {R package version 0.4.1},
    url = {https://github.com/wpgp/foot},
  }
@dataset{marcel_buchhorn_2020_3939050,
  author       = {Marcel Buchhorn and
                  Bruno Smets and
                  Luc Bertels and
                  Bert De Roo and
                  Myroslava Lesiv and
                  Nandin-Erdene Tsendbazar and
                  Martin Herold and
                  Steffen Fritz},
  title        = {{Copernicus Global Land Service: Land Cover 100m:
                   collection 3: epoch 2019: Globe}},
  month        = sep,
  year         = 2020,
  publisher    = {Zenodo},
  version      = {V3.0.1},
  doi          = {10.5281/zenodo.3939050},
  url          = {https://doi.org/10.5281/zenodo.3939050}
}
@manual{dooley2020gridded,
  title={Gridded maps of building patterns throughout sub-Saharan Africa, version 1.0.},
  author={Dooley, Claire A and Tatem, Andrew J},
  year={2020},
  publisher={WorldPop Research Group, University of Southampton},
  doi={10.5258/SOTON/WP00666},
  url={https://dx.doi.org/10.5258/SOTON/WP00666}
}
@manual{ecopia2020digitize,
  title={Digitize Africa data},
  author={{Ecopia.AI} and {Maxar Technologies}},
  year={2019}
}
@misc{OpenStreetMap,
   author = {{OpenStreetMap contributors}},
   title = {{Planet dump retrieved from https://planet.osm.org }},
   howpublished = "\url{ https://www.openstreetmap.org }",
   year = {2017},
 }
@article{gelman1992inference,
  title={Inference from iterative simulation using multiple sequences},
  author={Gelman, Andrew and Rubin, Donald B and others},
  journal={Statistical science},
  volume={7},
  number={4},
  pages={457--472},
  year={1992},
  doi={10.1214/ss/1177011136}
}
@article{jochem2020classifying,
  title={Classifying settlement types from multi-scale spatial patterns of building footprints},
  author={Jochem, Warren C and Leasure, Douglas R and Pannell, Oliver and Chamberlain, Heather R and Jones, Patricia and Tatem, Andrew J},
  journal={Environment and Planning B: Urban Analytics and City Science},
  year={2020},
  doi={10.1177/2399808320921208}
}
@book{krainski2018advanced,
  title={Advanced spatial modeling with stochastic partial differential equations using R and INLA},
  author={Elias T Krainski and Virgilio Gómez-Rubio and Haakon Bakka and Amanda Lenzi and Daniela Castro-Camilo and Daniel Simpson and Finn Lindgren and Håvard Rue},
  year={2018},
  url={https://becarioprecario.bitbucket.io/spde-gitbook/}
}
@manual{leasure2020peanutButter,
  title={{p}eanutButter: An R package to produce rapid-response gridded population estimates from building footprints, version 0.1.0.},
  author={Leasure, Douglas R and Dooley, Claire A and Bondarenko Maksym and Tatem, Andrew J},
  year={2020},
  publisher={WorldPop Research Group, University of Southampton},
  doi={10.5258/SOTON/WP00667},
  url={https://github.com/wpgp/peanutButter}
}
@manual{leasure2020wopr,
  title={{w}opr: An R package to query the WorldPop Open Population Repository, version 0.2.0.},
  author={Leasure, Douglas R and Bondarenko, Maksym and Tatem, Andrew J},
  year={2020},
  publisher={WorldPop Research Group, University of Southampton},
  doi={10.5258/SOTON/WP00664},
  url={https://github.com/wpgp/wopr}
}
@article{lindgren2015bayesian,
  title={Bayesian Spatial Modelling with R-INLA},
  author={Finn Lindgren and Havard Rue},
  year={2015},
  journal={Journal of Statistical Software},
  volume={63},
  number={19},
  pages={1--25},
  doi={10.18637/jss.v063.i19}
}
@article{lloyd2019global,
  title={Global spatio-temporally harmonised datasets for producing high-resolution gridded population distribution datasets},
  author={Lloyd, Christopher T and Chamberlain, Heather and Kerr, David and Yetman, Greg and Pistolesi, Linda and Stevens, Forrest R and Gaughan, Andrea E and Nieves, Jeremiah J and Hornby, Graeme and MacManus, Kytt and others},
  journal={Big earth data},
  volume={3},
  number={2},
  pages={108--139},
  year={2019},
  doi={10.1080/20964471.2019.1625151}
}
@article{leasure2020national,
  title={National population mapping from sparse survey data: A hierarchical Bayesian modeling framework to account for uncertainty},
  author={Leasure, Douglas R and Jochem, Warren C and Weber, Eric M and Seaman, Vincent and Tatem, Andrew J},
  journal={Proceedings of the National Academy of Sciences},
  year={2020},
  publisher={National Acad Sciences}
}
@article{stevens2015disaggregating,
  title={Disaggregating census data for population mapping using random forests with remotely-sensed and ancillary data},
  author={Stevens, Forrest R and Gaughan, Andrea E and Linard, Catherine and Tatem, Andrew J},
  journal={PloS one},
  volume={10},
  number={2},
  pages={e0107042},
  year={2015},
  publisher={Public Library of Science}
}
@inproceedings{robnik2004improving,
  title={Improving random forests},
  author={Robnik-{\v{S}}ikonja, Marko},
  booktitle={European conference on machine learning},
  pages={359--370},
  year={2004},
  organization={Springer}
}
@article{liaw2002,
    title = {Classification and Regression by randomForest},
    author = {Andy Liaw and Matthew Wiener},
    journal = {R News},
    year = {2002},
    volume = {2},
    number = {3},
    pages = {18-22},
    url = {https://CRAN.R-project.org/doc/Rnews/},
  }
@article{bondarenko2018wpgprfpms,
  title={wpgpRFPMS: WorldPop Random Forests population modelling R scripts, version 0.1. 0},
  author={Bondarenko, Maksym and Nieves, Jeremiah and Sorichetta, Alessandro and Stevens, Forrest R and Gaughan, Andrea E and Tatem, Andrew and others},
  year={2018},
  publisher={University of Southampton}
}
@article{leyk2019spatial,
  title={The spatial allocation of population: A review of large-scale gridded population data products and their fitness for use},
  author={Leyk, Stefan and Gaughan, Andrea E and Adamo, Susana B and de Sherbinin, Alex and Balk, Deborah and Freire, Sergio and Rose, Amy and Stevens, Forrest R and Blankespoor, Brian and Frye, Charlie and others},
  journal={Earth System Science Data},
  volume={11},
  number={3},
  year={2019}
}
@inproceedings{plummer2003jags,
  title={JAGS: A program for analysis of Bayesian graphical models using Gibbs sampling},
  author={Plummer, Martyn and others},
  booktitle={Proceedings of the 3rd international workshop on distributed statistical computing},
  volume={124},
  number={125.10},
  pages={1--10},
  year={2003},
  organization={Vienna, Austria.},
  url={http://mcmc-jags.sourceforge.net/}
}
@Manual{r2020r,
    title = {R: A Language and Environment for Statistical Computing},
    author = {{R Core Team}},
    organization = {R Foundation for Statistical Computing},
    address = {Vienna, Austria},
    year = {2020},
    url = {https://www.R-project.org/},
  }
@Misc{stan2020rstan,
    title = {{RStan}: the {R} interface to {Stan}},
    author = {{Stan Development Team}},
    note = {R package version 2.19.3},
    year = {2020},
    url = {http://mc-stan.org/},
  }
@article{stevens2015disaggregating,
  title={Disaggregating census data for population mapping using random forests with remotely-sensed and ancillary data},
  author={Stevens, Forrest R and Gaughan, Andrea E and Linard, Catherine and Tatem, Andrew J},
  journal={PloS one},
  volume={10},
  number={2},
  year={2015},
  publisher={Public Library of Science},
  doi={10.1371/journal.pone.0107042},
  url={https://doi.org/10.1371/journal.pone.0107042}
}
@article{utazi2019mapping,
  title={Mapping vaccination coverage to explore the effects of delivery mechanisms and inform vaccination strategies},
  author={Utazi, C Edson and Thorley, Julia and Alegana, Victor A and Ferrari, Matthew J and Takahashi, Saki and Metcalf, C Jessica E and Lessler, Justin and Cutts, Felicity T and Tatem, Andrew J},
  journal={Nature communications},
  volume={10},
  number={1},
  pages={1--10},
  year={2019},
  doi={10.1038/s41467-019-09611-1}
}
@article{wardrop2018spatially,
  title={Spatially disaggregated population estimates in the absence of national population and housing census data},
  author={Wardrop, NA and Jochem, WC and Bird, TJ and Chamberlain, HR and Clarke, D and Kerr, D and Bengtsson, L and Juran, S and Seaman, V and Tatem, AJ},
  journal={Proceedings of the National Academy of Sciences},
  volume={115},
  number={14},
  pages={3529--3537},
  year={2018},
  publisher={National Acad Sciences},
  doi={10.1073/pnas.1715305115},
  url={https://doi.org/10.1073/pnas.1715305115}
}
@article{tusting2019mapping,
  title={Mapping changes in housing in sub-Saharan Africa from 2000 to 2015},
  author={Tusting, Lucy S and Bisanzio, Donal and Alabaster, Graham and Cameron, Ewan and Cibulskis, Richard and Davies, Michael and Flaxman, Seth and Gibson, Harry S and Knudsen, Jakob and Mbogo, Charles and others},
  journal={Nature},
  volume={568},
  number={7752},
  pages={391--394},
  year={2019},
  publisher={Nature Publishing Group}
}
@article{weiss2018global,
  title={A global map of travel time to cities to assess inequalities in accessibility in 2015},
  author={Weiss, D J and Nelson, A and Gibson, HS and Temperley, W and Peedell, S and Lieber, A and Hancher, M and Poyart, E and Belchior, S and Fullman, N and others},
  journal={Nature},
  volume={553},
  number={7688},
  pages={333--336},
  year={2018},
  publisher={Nature Publishing Group}
}
@article{harris2020version,
  title={Version 4 of the CRU TS monthly high-resolution gridded multivariate climate dataset},
  author={Harris, Ian and Osborn, Timothy J and Jones, Phil and Lister, David},
  journal={Scientific data},
  volume={7},
  number={1},
  pages={1--18},
  year={2020},
  publisher={Nature Publishing Group}
}
@article{worldpop2018global,
  author={{WorldPop Research Group, University of Southampton} and {Department of Geography and Geosciences, University of Louisville} and {Departement de Geographie, Universite de Namur} and {Center for International Earth Science Information Network (CIESIN), Columbia University}},
  year={2018},
  title={Global High Resolution Population Denominators Project - Funded by The Bill and Melinda Gates Foundation (OPP1134076)},
  doi={10.5258/SOTON/WP00645}
}
@Book{xie2015dynamic,
  title = {Dynamic Documents with {R} and knitr},
  author = {Yihui Xie},
  publisher = {Chapman and Hall/CRC},
  address = {Boca Raton, Florida},
  year = {2015},
  edition = {2nd},
  note = {ISBN 978-1498716963},
  url = {http://yihui.name/knitr/},
}
@Manual{xie2020bookdown,
    title = {bookdown: Authoring Books and Technical Documents with R Markdown},
    author = {Yihui Xie},
    year = {2020},
    note = {R package version 0.18},
    url = {https://github.com/rstudio/bookdown},
  }

@book{abrahamsen1997,
	title = {A review of Gaussian random fields and correlation functions},
	author = {{Abrahamsen}, {Petter}},
	year = {1997},
	date = {1997},
	publisher = {Norsk Regnesentral/Norwegian Computing Center Oslo}
}

@article{afp2018,
	title = {Kinshasa: les violences des inondations amplifiées par la folle croissance urbaine},
	author = {{AFP}, {}},
	year = {2018},
	date = {2018},
	journal = {Congo Actuel},
	url = {http://www.congoactuel.com/kinshasa-les-violences-des-inondations-amplifiees-par-la-folle-croissance-urbaine/},
	langid = {french}
}

@book{ecopia.ai2019,
	title = {Digitize Africa data},
	author = {{Ecopia.AI}, {} and {Maxar Technologies}, {}},
	year = {2019},
	date = {2019}
}

@article{institutgeographiqueduburkinafaso2015,
	title = {Base Nationale de Données Topographiques},
	author = {{Institut Géographique du Burkina Faso}, {}},
	year = {2015},
	date = {2015}
}

@article{weiss2018,
	title = {A global map of travel time to cities to assess inequalities in accessibility in 2015},
	author = {{Weiss}, {D J} and {Nelson}, {A} and {Gibson}, {HS} and {Temperley}, {W} and {Peedell}, {S} and {Lieber}, {A} and {Hancher}, {M} and {Poyart}, {E} and {Belchior}, {S} and {Fullman}, {N} and {others}, {}},
	year = {2018},
	date = {2018},
	journal = {Nature},
	pages = {333{\textendash}336},
	volume = {553},
	number = {7688},
	note = {Publisher: Nature Publishing Group}
}

@book{cutler2018,
	title = {randomForest: Breiman and Cutler's Random Forests for Classification and Regression},
	author = {{Cutler}, {Fortran original by Leo Breiman and Adele} and {Wiener}, {R. port by Andy Liaw and Matthew}},
	year = {2018},
	month = {03},
	date = {2018-03-25},
	url = {https://CRAN.R-project.org/package=randomForest}
}

@book{pebesma2020,
	title = {sf: Simple Features for R},
	author = {{Pebesma}, {Edzer} and {Bivand}, {Roger} and {Racine}, {Etienne} and {Sumner}, {Michael} and {Cook}, {Ian} and {Keitt}, {Tim} and {Lovelace}, {Robin} and {Wickham}, {Hadley} and {Ooms}, {Jeroen} and {Müller}, {Kirill} and {Pedersen}, {Thomas Lin} and {Baston}, {Dan}},
	year = {2020},
	month = {09},
	date = {2020-09-13},
	url = {https://CRAN.R-project.org/package=sf}
}

@book{hijmans2020,
	title = {raster: Geographic Data Analysis and Modeling},
	author = {{Hijmans}, {Robert J.} and {Etten}, {Jacob van} and {Sumner}, {Michael} and {Cheng}, {Joe} and {Baston}, {Dan} and {Bevan}, {Andrew} and {Bivand}, {Roger} and {Busetto}, {Lorenzo} and {Canty}, {Mort} and {Forrest}, {David} and {Ghosh}, {Aniruddha} and {Golicher}, {Duncan} and {Gray}, {Josh} and {Greenberg}, {Jonathan A.} and {Hiemstra}, {Paul} and {Hingee}, {Kassel} and {Geosciences}, {Institute for Mathematics Applied} and {Karney}, {Charles} and {Mattiuzzi}, {Matteo} and {Mosher}, {Steven} and {Nowosad}, {Jakub} and {Pebesma}, {Edzer} and {Lamigueiro}, {Oscar Perpinan} and {Racine}, {Etienne B.} and {Rowlingson}, {Barry} and {Shortridge}, {Ashton} and {Venables}, {Bill} and {Wueest}, {Rafael}},
	year = {2020},
	month = {07},
	date = {2020-07-17},
	url = {https://CRAN.R-project.org/package=raster}
}

@book{wickham2020,
	title = {dplyr: A Grammar of Data Manipulation},
	author = {{Wickham}, {Hadley} and {François}, {Romain} and {Henry}, {Lionel} and {Müller}, {Kirill} and {RStudio}, {}},
	year = {2020},
	month = {08},
	date = {2020-08-18},
	url = {https://CRAN.R-project.org/package=dplyr}
}

@book{dowle2020,
	title = {data.table: Extension of 'data.frame'},
	author = {{Dowle}, {Matt} and {Srinivasan}, {Arun} and {Gorecki}, {Jan} and {Chirico}, {Michael} and {Stetsenko}, {Pasha} and {Short}, {Tom} and {Lianoglou}, {Steve} and {Antonyan}, {Eduard} and {Bonsch}, {Markus} and {Parsonage}, {Hugh} and {Ritchie}, {Scott} and {Ren}, {Kun} and {Tan}, {Xianying} and {Saporta}, {Rick} and {Seiskari}, {Otto} and {Dong}, {Xianghui} and {Lang}, {Michel} and {Iwasaki}, {Watal} and {Wenchel}, {Seth} and {Broman}, {Karl} and {Schmidt}, {Tobias} and {Arenburg}, {David} and {Smith}, {Ethan} and {Cocquemas}, {Francois} and {Gomez}, {Matthieu} and {Chataignon}, {Philippe} and {Blaser}, {Nello} and {Selivanov}, {Dmitry} and {Riabushenko}, {Andrey} and {Lee}, {Cheng} and {Groves}, {Declan} and {Possenriede}, {Daniel} and {Parages}, {Felipe} and {Toth}, {Denes} and {Yaramaz-David}, {Mus} and {Perumal}, {Ayappan} and {Sams}, {James} and {Morgan}, {Martin} and {Quinn}, {Michael} and {@javrucebo}, {} and {@marc-outins}, {} and {Storey}, {Roy} and {Saraswat}, {Manish} and {Jacob}, {Morgan} and {Schubmehl}, {Michael} and {Vaughan}, {Davis} and {Hocking}, {Toby} and {Silvestri}, {Leonardo} and {Barrett}, {Tyson} and {Hester}, {Jim} and {Damico}, {Anthony} and {Freundt}, {Sebastian} and {Simons}, {David} and {Andrade}, {Elliott Sales de} and {Miller}, {Cole} and {Meldgaard}, {Jens Peder} and {Tlapak}, {Vaclav} and {Ushey}, {Kevin} and {Eddelbuettel}, {Dirk}},
	year = {2020},
	month = {10},
	date = {2020-10-19},
	url = {https://CRAN.R-project.org/package=data.table}
}

@book{wallig2020,
	title = {doParallel: Foreach Parallel Adaptor for the 'parallel' Package},
	author = {{Wallig}, {Michelle} and {Corporation}, {Microsoft} and {Weston}, {Steve} and {Tenenbaum}, {Dan}},
	year = {2020},
	month = {10},
	date = {2020-10-16},
	url = {https://CRAN.R-project.org/package=doParallel}
}

@book{guo2020,
	title = {rstan: R Interface to Stan},
	author = {{Guo}, {Jiqiang} and {Gabry}, {Jonah} and {Goodrich}, {Ben} and {Weber}, {Sebastian} and {Lee}, {Daniel} and {Sakrejda}, {Krzysztof} and {Martin}, {Modrak} and {University}, {Trustees of Columbia} and {Sklyar  (R/cxxfunplus.R)}, {Oleg} and {Team  (R/pairs.R}, {The R. Core} and {R/dynGet.R)}, {} and {Oehlschlaegel-Akiyoshi  (R/pairs.R)}, {Jens} and {Maddock  (gamma.hpp)}, {John} and {Bristow  (gamma.hpp)}, {Paul} and {Agrawal  (gamma.hpp)}, {Nikhar} and {Kormanyos  (gamma.hpp)}, {Christopher} and {Steve}, {Bronder}},
	year = {2020},
	month = {07},
	date = {2020-07-27},
	url = {https://CRAN.R-project.org/package=rstan}
}

@book{kuhn2020,
	title = {caret: Classification and Regression Training},
	author = {{Kuhn}, {Max} and {Wing}, {Jed} and {Weston}, {Steve} and {Williams}, {Andre} and {Keefer}, {Chris} and {Engelhardt}, {Allan} and {Cooper}, {Tony} and {Mayer}, {Zachary} and {Kenkel}, {Brenton} and {R Core Team}, {} and {Benesty}, {Michael} and {Lescarbeau}, {Reynald} and {Ziem}, {Andrew} and {Scrucca}, {Luca} and {Tang}, {Yuan} and {Candan}, {Can} and {Hunt}, {Tyler}},
	year = {2020},
	month = {03},
	date = {2020-03-20},
	url = {https://CRAN.R-project.org/package=caret}
}

@article{institutgéographiqueduburkinafaso2015a,
	title = {Base Nationale de Données Topographiques},
	author = {{Institut Géographique du Burkina Faso}, {}},
	year = {2015},
	date = {2015}
}

@article{stevens2015,
	title = {Disaggregating Census Data for Population Mapping Using Random Forests with Remotely-Sensed and Ancillary Data},
	author = {{Stevens}, {Forrest R.} and {Gaughan}, {Andrea E.} and {Linard}, {Catherine} and {Tatem}, {Andrew J.}},
	year = {2015},
	month = {02},
	date = {2015-02-17},
	journal = {PLOS ONE},
	pages = {e0107042},
	volume = {10},
	number = {2},
	doi = {10.1371/journal.pone.0107042},
	url = {https://journals.plos.org/plosone/article?id=10.1371/journal.pone.0107042},
	langid = {en}
}

@article{worldpop2020,
	title = {Census-based gridded population estimates for Burkina Faso (2019), version 1.0},
	author = {{WorldPop}, {} and {Institut National de la Statistique et de la Démographie du Burkina Faso}, {}},
	year = {2020},
	date = {2020},
	journal = {WorldPop, University of Southampton},
	doi = {10.5258/SOTON/WP00687},
	note = {Publisher: University of Southampton}
}
