
@article{leasure2020,
	title = {National population mapping from sparse survey data: A hierarchical Bayesian modeling framework to account for uncertainty},
	author = {{Leasure}, {Douglas R.} and {Jochem}, {Warren C.} and {Weber}, {Eric M.} and {Seaman}, {Vincent} and {Tatem}, {Andrew J.}},
	year = {2020},
	month = {09},
	date = {2020-09-29},
	journal = {Proceedings of the National Academy of Sciences},
	pages = {24173--24179},
	volume = {117},
	number = {39},
	doi = {10.1073/pnas.1913050117},
	url = {https://www.pnas.org/content/117/39/24173},
	note = {Publisher: National Academy of Sciences
Section: Social Sciences
PMID: 32929009},
	langid = {en}
}

@article{weber2018,
	title = {Census-independent population mapping in northern Nigeria},
	author = {{Weber}, {Eric M.} and {Seaman}, {Vincent Y.} and {Stewart}, {Robert N.} and {Bird}, {Tomas J.} and {Tatem}, {Andrew J.} and {McKee}, {Jacob J.} and {Bhaduri}, {Budhendra L.} and {Moehl}, {Jessica J.} and {Reith}, {Andrew E.}},
	year = {2018},
	month = {01},
	date = {2018-01-01},
	journal = {Remote Sensing of Environment},
	pages = {786--798},
	volume = {204},
	doi = {10.1016/j.rse.2017.09.024},
	url = {http://www.sciencedirect.com/science/article/pii/S0034425717304364}
}

@article{homan,
	title = {The No-U-Turn Sampler: Adaptively Setting Path Lengths in Hamiltonian Monte Carlo},
	author = {{Ho{ff}man}, {Matthew D} and {Gelman}, {Andrew}},
	pages = {31},
	langid = {en}
}


@Manual{r2020r,
    title = {R: A Language and Environment for Statistical Computing},
    author = {{R Core Team}},
    organization = {R Foundation for Statistical Computing},
    address = {Vienna, Austria},
    year = {2020},
    url = {https://www.R-project.org/},
}


@article{worldpopresearchgroup2018,
	title = {Global High Resolution Population Denominators Project - Funded by The Bill and Melinda Gates Foundation (OPP1134076)},
	author = {{WorldPop Research Group}, {} and {Department of Geography and Geosciences, University of Louisville}, {} and {Departement de Geographie, Universite de Namur}, {} and {Center for International Earth Science Information Network (CIESIN), Columbia University}, {}},
	year = {2018},
	date = {2018},
	doi = {10.5258/SOTON/WP00645}
}

@book{openstreetmapcontributors2018,
	title = {Planet dump retrieved from https://planet.osm.org},
	author = {{OpenStreetMap contributors}, {}},
	year = {2018},
	date = {2018},
	note = {Published:  https://www.openstreetmap.org}
}

@article{institutgeographiqueduburkinafaso2015,
	title = {Base Nationale de Données Topographiques},
	author = {{Institut Géographique du Burkina Faso}, {}},
	year = {2015},
	date = {2015}
}

@article{weiss2018,
	title = {A global map of travel time to cities to assess inequalities in accessibility in 2015},
	author = {{Weiss}, {D J} and {Nelson}, {A} and {Gibson}, {HS} and {Temperley}, {W} and {Peedell}, {S} and {Lieber}, {A} and {Hancher}, {M} and {Poyart}, {E} and {Belchior}, {S} and {Fullman}, {N} and {others}, {}},
	year = {2018},
	date = {2018},
	journal = {Nature},
	pages = {333{\textendash}336},
	volume = {553},
	number = {7688},
	note = {Publisher: Nature Publishing Group}
}

@book{ecopia.ai2019,
	title = {Digitize Africa data},
	author = {{Ecopia.AI}, {} and {Maxar Technologies}, {}},
	year = {2019},
	date = {2019}
}

@article{oakridgenationallaboratory2018,
	title = {LandScan HD: Nigeria},
	author = {{Oak Ridge National Laboratory}, {}},
	year = {2018},
	date = {2018}
}

@article{raleigh2010,
	title = {Introducing ACLED: an armed conflict location and event dataset: special data feature},
	author = {{Raleigh}, {Clionadh} and {Linke}, {Andrew} and {Hegre}, {Håvard} and {Karlsen}, {Joakim}},
	year = {2010},
	date = {2010},
	journal = {Journal of peace research},
	pages = {651--660},
	volume = {47},
	number = {5},
	note = {ISBN: 0022-3433
Publisher: Sage Publications Sage UK: London, England}
}

@article{leasure2020,
	title = {National population mapping from sparse survey data: A hierarchical Bayesian modeling framework to account for uncertainty},
	author = {{Leasure}, {Douglas R} and {Jochem}, {Warren C} and {Weber}, {Eric M} and {Seaman}, {Vincent} and {Tatem}, {Andrew J}},
	year = {2020},
	date = {2020},
	journal = {Proceedings of the National Academy of Sciences},
	note = {Publisher: National Acad Sciences}
}