@article{Engstrom,
   author = {Engstrom, Ryan and Newhouse, David Locke and Soundararajan, Vidhya},
   title = {Estimating small area population density using survey data and satellite imagery: an application to Sri Lanka},
   journal = {World Bank Policy Research Working Paper},
   number = {8776},
   year = {2019},
   type = {Journal Article}
}

@article{Leasure,
   author = {Leasure, Douglas R and Jochem, Warren C and Weber, Eric M and Seaman, Vincent and Tatem, Andrew J},
   title = {National population mapping from sparse survey data: A hierarchical Bayesian modeling framework to account for uncertainty},
   journal = {Proceedings of the National Academy of Sciences},
   volume = {117},
   number = {39},
   pages = {24173-24179},
   ISSN = {0027-8424},
   year = {2020},
   type = {Journal Article}
}

@article{Mossoux,
   author = {Mossoux, Sophie and Kervyn, Matthieu and Soulé, Hamid and Canters, Frank},
   title = {Mapping population distribution from high resolution remotely sensed imagery in a data poor setting},
   journal = {Remote Sensing},
   volume = {10},
   number = {9},
   pages = {1409},
   ISSN = {2072-4292},
   year = {2018},
   type = {Journal Article}
}

@book{Moultrie,
   author = {Moultrie, Tom A and Dorrington, Rob E and Hill, Allan G and Hill, Kenneth and Timæus, Ian M and Zaba, Basia},
   title = {Tools for demographic estimation},
   publisher = {International Union for the Scientific Study of Population},
   ISBN = {0620574917},
   year = {2013},
   type = {Book}
}

@article{Pezzulo,
   author = {Pezzulo, Carla and Hornby, Graeme M and Sorichetta, Alessandro and Gaughan, Andrea E and Linard, Catherine and Bird, Tomas J and Kerr, David and Lloyd, Christopher T and Tatem, Andrew J},
   title = {Sub-national mapping of population pyramids and dependency ratios in Africa and Asia},
   journal = {Scientific data},
   volume = {4},
   number = {1},
   pages = {1-15},
   ISSN = {2052-4463},
   year = {2017},
   type = {Journal Article}
}

@article{Wardrop,
   author = {Wardrop, NA and Jochem, WC and Bird, TJ and Chamberlain, HR and Clarke, Donna and Kerr, David and Bengtsson, Linus and Juran, Sabrina and Seaman, Vincent and Tatem, AJ},
   title = {Spatially disaggregated population estimates in the absence of national population and housing census data},
   journal = {Proceedings of the National Academy of Sciences},
   volume = {115},
   number = {14},
   pages = {3529-3537},
   ISSN = {0027-8424},
   year = {2018},
   type = {Journal Article}
}

@article{Weber,
   author = {Weber, Eric M and Seaman, Vincent Y and Stewart, Robert N and Bird, Tomas J and Tatem, Andrew J and McKee, Jacob J and Bhaduri, Budhendra L and Moehl, Jessica J and Reith, Andrew E},
   title = {Census-independent population mapping in northern Nigeria},
   journal = {Remote sensing of environment},
   volume = {204},
   pages = {786-798},
   ISSN = {0034-4257},
   year = {2018},
   type = {Journal Article}
}

@book{Findlay,
   author = {Findlay, M. A.},
   title = {Doing Development Research},
   publisher = {SAGE Publications},
   year = {2021},
   type = {Book}
}

@misc{UNFPA,
   author = {UNFPA},
   title = {The Value of Modelled Population Estimates for Census
Planning and Preparation. Technical Guidance Note},
   publisher = {UNFPA},
   url = {https://www.unfpa.org/resources/value-modelled-population-estimates-census-planning-and-preparation},
   year = {2020},
   type = {Electronic Article}
}

@book{UN,
   author = {UN DESA,},
   title = {World Population Prospects 2019: Methodology of the United Nations population estimates and
projections (ST/ESA/SER.A/425)},
   url = {https://population.un.org/wpp/Publications/Files/WPP2019_Methodology.pdf},
   year = {2019},
   type = {Book}
}

@misc{KSPH,
   author = {KSPH},
   title = {Microcensus survey data for the Kinshasa, Kongo Central and
former Bandundu provinces (2017 and 2018)},
   year = {2018},
   type = {Dataset}
}

@article{Leyk,
   author = {Leyk, Stefan and Gaughan, Andrea E and Adamo, Susana B and de Sherbinin, Alex and Balk, Deborah and Freire, Sergio and Rose, Amy and Stevens, Forrest R and Blankespoor, Brian and Frye, Charlie},
   title = {The spatial allocation of population: a review of large-scale gridded population data products and their fitness for use},
   journal = {Earth System Science Data},
   volume = {11},
   number = {3},
   pages = {1385-1409},
   ISSN = {1866-3508},
   year = {2019},
   type = {Journal Article}
}

@article{Thomson,
   author = {Thomson, Dana R and Rhoda, Dale A and Tatem, Andrew J and Castro, Marcia C},
   title = {Gridded population survey sampling: a systematic scoping review of the field and strategic research agenda},
   journal = {International journal of health geographics},
   volume = {19},
   pages = {1-16},
   year = {2020},
   type = {Journal Article}
}

@misc{EcopiaAI,
   author = {Ecopia.AI & Maxar Technologies,},
   title = {Digitize Africa Data — Building footprints.},
   url = {https://www.maxar.com/products/imagery-basemaps},
   year = {2020},
   type = {Dataset}
}

@article{Dooley,
   author = {Dooley, CA and Tatem, AJ and Bondarenko, Maksym},
   title = {Gridded maps of building patterns throughout sub-Saharan Africa, version 1.0},
   journal = {University of Southampton: Southampton, UK. Source of building Footprints “Ecopia Vector Maps Powered by Maxar Satellite Imagery},
   year = {2020},
   type = {Journal Article}
}

@article{Jochem,
   author = {Jochem, Warren C and Leasure, Douglas R and Pannell, Oliver and Chamberlain, Heather R and Jones, Patricia and Tatem, Andrew J},
   title = {Classifying settlement types from multi-scale spatial patterns of building footprints},
   journal = {Environment and Planning B: Urban Analytics and City Science},
   volume = {48},
   number = {5},
   pages = {1161-1179},
   ISSN = {2399-8083},
   year = {2021},
   type = {Journal Article}
}

@misc{CIESIN,
   author = {CIESIN},
   title = {GRID3 Democratic Republic of the Congo Settlement Extents Version 01},
   url = {https://doi.org/10.7916/d8-cpry-wv37},
   year = {2020},
   type = {Dataset}
}


@misc{BCR,
   author = {Bureau Central du Recensement,},
   title = {Report des limites administratives — République Démocratique du Congo},
   year = {2018},
   type = {Dataset}
}

@article{Arter,
   author = {Groupe, Huit and Arter,},
   title = {Schéma d’orientation stratégique de l’agglomération
kinoise (SOSAK) et plan particulier d’aménagement de la ville (PPA) (Groupe
Huit and Arter)},
   year = {2014},
   type = {Journal Article}
}

@article{Lloyd,
   author = {Lloyd, Christopher T and Chamberlain, Heather and Kerr, David and Yetman, Greg and Pistolesi, Linda and Stevens, Forrest R and Gaughan, Andrea E and Nieves, Jeremiah J and Hornby, Graeme and MacManus, Kytt},
   title = {Global spatio-temporally harmonised datasets for producing high-resolution gridded population distribution datasets},
   journal = {Big earth data},
   volume = {3},
   number = {2},
   pages = {108-139},
   ISSN = {2096-4471},
   year = {2019},
   type = {Journal Article}
}



@article{Raster,
   author = {Hijmans, Robert J and Van Etten, Jacob and Cheng, Joe and Mattiuzzi, Matteo and Sumner, Michael and Greenberg, Jonathan A and Lamigueiro, Oscar Perpinan and Bevan, Andrew and Racine, Etienne B and Shortridge, Ashton},
   title = {Package ‘raster’},
   journal = {R package},
   volume = {734},
   pages = {473},
   year = {2015},
   type = {Journal Article}
}

@article{Pebesma,
   author = {Pebesma, Edzer J},
   title = {Simple features for R: standardized support for spatial vector data},
   journal = {R J.},
   volume = {10},
   number = {1},
   pages = {439},
   year = {2018},
   type = {Journal Article}
}

@Manual{r2020r,
    title = {R: A Language and Environment for Statistical Computing},
    author = {{R Core Team}},
    organization = {R Foundation for Statistical Computing},
    address = {Vienna, Austria},
    year = {2020},
    url = {https://www.R-project.org/},
}

@article{Leasure1,
   author = {Leasure, Douglas and Dooley, Claire and Tatem, Andrew},
   title = {A simulation study exploring weighted likelihood models to recover unbiased population estimates from weighted survey data},
   year = {2021},
   type = {Journal Article}
}

@article{Harrison,
   author = {Harrison, Joshua G and Calder, W John and Shastry, Vivaswat and Buerkle, C Alex},
   title = {Dirichlet‐multinomial modelling outperforms alternatives for analysis of microbiome and other ecological count data},
   journal = {Molecular ecology resources},
   volume = {20},
   number = {2},
   pages = {481-497},
   ISSN = {1755-098X},
   year = {2020},
   type = {Journal Article}
}

@misc{Leasure2,
   author = {D. R. Leasure, M. Bondarenko, A. J. Tatem,},
   title = {Wopr: An R Package to Query the WorldPop Open Population Repository, Version 0.3.4.},
   month = {29 July 2020.},
   url = {https://apps.worldpop.org/woprVision.},
   year = {2020},
   type = {Online Database}
}


@inproceedings{Plummer,
   author = {Plummer, Martyn},
   title = {JAGS: A program for analysis of Bayesian graphical models using Gibbs sampling},
   booktitle = {Proceedings of the 3rd international workshop on distributed statistical computing},
   publisher = {Vienna, Austria},
   volume = {124},
   pages = {1-10},
   type = {Conference Proceedings}
}

@article{Denwood,
   author = {Denwood, Matthew J},
   title = {runjags: An R package providing interface utilities, model templates, parallel computing methods and additional distributions for MCMC models in JAGS},
   journal = {Journal of statistical software},
   volume = {71},
   pages = {1-25},
   ISSN = {1548-7660},
   year = {2016},
   type = {Journal Article}
}

@book{Gelman,
   author = {Gelman, A., Carlin, J.B., Stern, H.S., Dunson, D.B., Vehtari, A., & Rubin, D.B.},
   title = {Bayesian Data Analysis (3rd Edition)},
   publisher = {Chapman and Hall/CRC. },
   DOI = {https://doi.org/10.1201/b16018},
   year = {2013},
   type = {Book}
}

@misc{Unlimit,
   author = {Unlimit Health},
   title = {SAPIENs: A tool to conduct small area population evaluations},
   volume = {2021},
   url = {https://unlimithealth.org/research/sapiens-project/},
   year = {2023},
   type = {Web Page}
}

@article{Nilsen,
   author = {Nilsen, Kristine and Tejedor-Garavito, Natalia and Leasure, Douglas R and Utazi, C Edson and Ruktanonchai, Corrine W and Wigley, Adelle S and Dooley, Claire A and Matthews, Zoe and Tatem, Andrew J},
   title = {A review of geospatial methods for population estimation and their use in constructing reproductive, maternal, newborn, child and adolescent health service indicators},
   journal = {BMC health services research},
   volume = {21},
   pages = {1-10},
   year = {2021},
   type = {Journal Article}
}

@article{Boo,
   author = {Boo, Gianluca and Darin, Edith and Thomson, Dana R and Tatem, Andrew J},
   title = {A grid-based sample design framework for household surveys},
   journal = {Gates Open Research},
   volume = {4},
   year = {2020},
   type = {Journal Article}
}

@article{Gelman2,
   author = {Gelman, Andrew},
   title = {Struggles with survey weighting and regression modeling},
   year = {2007},
   type = {Journal Article}
}
@article{Marivoet1,
   author = {Marivoet, Wim and De Herdt, Tom},
   title = {From figures to facts: making sense of socioeconomic surveys in the Democratic Republic of the Congo (DRC)},
   journal = {Analysis and policy brief/University of Antwerp, Institute of Development Policy and Management; 23},
   year = {2017},
   type = {Journal Article}
}

@article{Marivoet,
   author = {Marivoet, Wim and De Herdt, Tom},
   title = {Tracing down real socio-economic trends from household data with erratic sampling frames: the case of the Democratic Republic of the Congo},
   journal = {Journal of Asian and African Studies},
   volume = {53},
   number = {4},
   pages = {532-552},
   ISSN = {0021-9096},
   year = {2018},
   type = {Journal Article}
}




