@article{Dooley_SSD,
   author = {Dooley, Claire and Jochem, Warren and Leasure, Douglas and Sorichetta, Alessandro and Lazar, Attila and Tatem, Andrew and Bondarenko, Maksym},
   title = {South Sudan 2020 gridded population estimates from census projections adjusted for displacement, version 2.0},
   year = {2021},
   type = {Journal Article}
}

@Manual{r2020r_SSD,
    title = {R: A Language and Environment for Statistical Computing},
    author = {{R Core Team}},
    organization = {R Foundation for Statistical Computing},
    address = {Vienna, Austria},
    year = {2020},
    url = {https://www.R-project.org/},
}

@misc{EcopiaAI_SSD,
   author = {Ecopia.AI & Maxar Technologies,},
   title = {Digitize Africa Data — Building footprints.},
   url = {https://www.maxar.com/products/imagery-basemaps},
   year = {2020},
   type = {Dataset}
}

@article{IOM_SSD,
   author = {IOM},
   title = {Displacement Tracking Matrix. Kajo Keji, Central Equatoria: Paper Registration | Rapid Intentions
& Multi-Sectorial Needs Survey | 29 June-12 July 2017},
   year = {2017},
   type = {Journal Article}
}

@article{IOM_SSD2,
   author = {IOM},
   title = {South Sudan - Baseline Assessment Round 9 - IDP And Returnee. Data released 31st January 2021},
   url = {https://displacement.iom.int},
   year = {2021},
   type = {Journal Article}
}


@article{Minnesota,
   author = {Minnesota Population Center,},
   title = {Integrated Public Use Microdata Series, International: Version 7.3 [South
Sudan 2008 Census]. Minneapolis, MN: IPUMS, 2020},
   url = {https://doi.org/10.18128/D020.V7.3},
   year = {2020},
   type = {Journal Article}
}

@article{NBS,
   author = {National Bureau of Statistics,},
   title = {Population Projections, South Sudan. From 2015 - 2020.},
   year = {2015},
   type = {Journal Article}
}

@article{Stevens_SSD,
   author = {Stevens, Forrest R and Gaughan, Andrea E and Linard, Catherine and Tatem, Andrew J},
   title = {Disaggregating census data for population mapping using random forests with remotely-sensed and ancillary data},
   journal = {PloS one},
   volume = {10},
   number = {2},
   pages = {e0107042},
   ISSN = {1932-6203},
   year = {2015},
   type = {Journal Article}
}

@article{UNHCR_2020,
   author = {UNHCR},
   title = {Regional overview of the South Sudanese refugee population: 2020 SOUTH SUDAN REGIONAL RRRP},
   year = {2020},
   type = {Journal Article}
}

@article{UNHCR_2019,
   author = {UNHCR},
   title = {Regional intention survey of South Sudanese refugees},
   url = {https://microdata.unhcr.org/index.php/catalog/224},
   year = {2019},
   type = {Journal Article}
}

@article{ACLED,
   author = {Raleigh, Clionadh and Linke, rew and Hegre, Håvard and Karlsen, Joakim},
   title = {Introducing ACLED: An armed conflict location and event dataset},
   journal = {Journal of peace research},
   volume = {47},
   number = {5},
   pages = {651-660},
   ISSN = {0022-3433},
   year = {2010},
   type = {Journal Article}
}

@article{OCHA,
   author = {OCHA},
   title = {South Sudan (SSD) Administrative Boundary Common Operational Database (COD-AB)},
   url = {https://data.humdata.org/dataset/south-sudan-administrative-boundaries},
   year = {2020},
   type = {Journal Article}
}

