@book{UN,
   author = {United Nations Department of Economic and Social Affairs Population Division,},
   title = {World Population Prospects 2019: Methodology of the United Nations population estimates and
projections (ST/ESA/SER.A/425)},
   url = {https://population.un.org/wpp/Publications/Files/WPP2019_Methodology.pdf},
   year = {2019},
   type = {Book}
}

@article{Tatem_ZMB,
   author = {Tatem, Andrew J},
   title = {Mapping population and pathogen movements},
   journal = {International health},
   volume = {6},
   number = {1},
   pages = {5-11},
   ISSN = {1876-3405},
   year = {2014},
   type = {Journal Article}
}

@article{Maksym_ZMB,
   author = {Bondarenko, Maksym and Kerr, David and Sorichetta, Alessandro and Tatem, Andrew},
   title = {Census/projection-disaggregated gridded population datasets for 51 countries across sub-Saharan Africa in 2020 using building footprints},
   year = {2020},
   type = {Journal Article}
}

@article{Leasure_ZMB,
   author = {Leasure, Douglas R and Jochem, Warren C and Weber, Eric M and Seaman, Vincent and Tatem, Andrew J},
   title = {National population mapping from sparse survey data: A hierarchical Bayesian modeling framework to account for uncertainty},
   journal = {Proceedings of the National Academy of Sciences},
   volume = {117},
   number = {39},
   pages = {24173-24179},
   ISSN = {0027-8424},
   year = {2020},
   type = {Journal Article}
}

@article{Wardrop_ZMB,
   author = {Wardrop, NA and Jochem, WC and Bird, TJ and Chamberlain, HR and Clarke, Donna and Kerr, David and Bengtsson, Linus and Juran, Sabrina and Seaman, Vincent and Tatem, AJ},
   title = {Spatially disaggregated population estimates in the absence of national population and housing census data},
   journal = {Proceedings of the National Academy of Sciences},
   volume = {115},
   number = {14},
   pages = {3529-3537},
   ISSN = {0027-8424},
   year = {2018},
   type = {Journal Article}
}

@article{Weber_ZMB,
   author = {Weber, Eric M and Seaman, Vincent Y and Stewart, Robert N and Bird, Tomas J and Tatem, Andrew J and McKee, Jacob J and Bhaduri, Budhendra L and Moehl, Jessica J and Reith, Andrew E},
   title = {Census-independent population mapping in northern Nigeria},
   journal = {Remote sensing of environment},
   volume = {204},
   pages = {786-798},
   ISSN = {0034-4257},
   year = {2018},
   type = {Journal Article}
}

@article{Lopez_ZMB,
   author = {Pateiro-López, Beatriz and Rodríguez-Casal, Alberto},
   title = {Generalizing the convex hull of a sample: the R package alphahull},
   journal = {Journal of Statistical software},
   volume = {34},
   pages = {1-28},
   ISSN = {1548-7660},
   year = {2010},
   type = {Journal Article}
}

@article{Dauby_ZMB,
   author = {Dauby, Gilles},
   title = {ConR: computation of parameters used in preliminary assessment of conservation status},
   journal = {R package version},
   volume = {1},
   number = {4},
   year = {2019},
   type = {Journal Article}
}

@article{Hurlbert_ZMB,
   author = {Hurlbert, Stuart H},
   title = {Pseudoreplication and the design of ecological field experiments},
   journal = {Ecological monographs},
   volume = {54},
   number = {2},
   pages = {187-211},
   ISSN = {1557-7015},
   year = {1984},
   type = {Journal Article}
}

@misc{WorldPop_ZMB,
   author = {WorldPop},
   title = {Global High Resolution Population Denominators Project},
   volume = {2018},
   number = {25 May 2018},
   url = {https://www.worldpop.org/doi/10.5258/SOTON/WP00645},
   year = {2018},
   type = {Web Page}
}

@misc{EcopiaAI_ZMB,
   author = {Ecopia.AI & Maxar Technologies,},
   title = {Digitize Africa Data — Building footprints.},
   url = {https://www.maxar.com/products/imagery-basemaps},
   year = {2020},
   type = {Dataset}
}

@article{Pebesma_ZMB,
   author = {Pebesma, Edzer J},
   title = {Simple features for R: standardized support for spatial vector data},
   journal = {R J.},
   volume = {10},
   number = {1},
   pages = {439},
   year = {2018},
   type = {Journal Article}
}

@article{Hijmans_ZMB,
   author = {Hijmans, Robert J and Van Etten, Jacob and Cheng, Joe and Mattiuzzi, Matteo and Sumner, Michael and Greenberg, Jonathan A and Lamigueiro, Oscar Perpinan and Bevan, Andrew and Racine, Etienne B and Shortridge, Ashton},
   title = {Package ‘raster’},
   journal = {R package},
   volume = {734},
   pages = {473},
   year = {2015},
   type = {Journal Article}
}

@inproceedings{Plumber_ZMB,
   author = {Plummer, Martyn},
   title = {JAGS: A program for analysis of Bayesian graphical models using Gibbs sampling},
   booktitle = {Proceedings of the 3rd international workshop on distributed statistical computing},
   publisher = {Vienna, Austria},
   volume = {124},
   pages = {1-10},
   year = {2003},
   type = {Conference Proceedings}
}


@article{Plumber_Best,
   author = {Plummer, Martyn and Best, Nicky and Cowles, Kate and Vines, Karen},
   title = {CODA: convergence diagnosis and output analysis for MCMC},
   journal = {R news},
   volume = {6},
   number = {1},
   pages = {7-11},
   ISSN = {1609-3631},
   year = {2006},
   type = {Journal Article}
}


@article{Leasure_b,
   author = {Leasure, Douglas and Bondarenko, Maksym and Darin, Edith and Tatem, Andrew},
   title = {wopr: An R package to query the WorldPop Open Population Repository, version 1.0. 0},
   year = {2021},
   type = {Journal Article}
}

@Manual{r2020r_ZMB,
    title = {R: A Language and Environment for Statistical Computing},
    author = {{R Core Team}},
    organization = {R Foundation for Statistical Computing},
    address = {Vienna, Austria},
    year = {2013},
    url = {https://www.R-project.org/},
}

@article{Jochem_ZMB,
   author = {Jochem, Warren C and Leasure, Douglas R and Pannell, Oliver and Chamberlain, Heather R and Jones, Patricia and Tatem, Andrew J},
   title = {Classifying settlement types from multi-scale spatial patterns of building footprints},
   journal = {Environment and Planning B: Urban Analytics and City Science},
   volume = {48},
   number = {5},
   pages = {1161-1179},
   ISSN = {2399-8083},
   year = {2021},
   type = {Journal Article}
}











































